@conference{Item1,
   author = "William Fulton",
    title = "Introduction to intersection theory in algebraic geometry",
booktitle = "Regional Conference Series in Mathematics",
   number = 54,
     year = 1983}

@inproceedings{Item2,
   author = "Mark Goresky and Robert MacPherson",
    title = "On the topology of complex algebraic maps",
booktitle = "Algebraic Geometry Proceedings, La R\'abida,
             Lecture Notes in Mathematics",
   number = 961,
     year = 1981}    

@phdthesis{Item3,
  author = "V. Pati",
   title = "What is the title??",
  school = "Princeton",
    year = 1985}

@article{Item4,
  author = "L\^e D{\~u}ng Trang and Zoghman Mebkhout",
   title = "Vari\'et\'es caract\'er\-istiques et vari\'et\'es polaires",
 journal = "C. R. Acad. Sc. Paris",
  volume = 296,
    year = 1983,
   pages = "129--132"}


@article{Item5,
  author = "Adam Parusi\'nski and Piotr Pragacz",
   title = "A formula for the {E}uler characteristic of singular hypersurfaces",
 journal = "J. Alg. Geom.",
  volume = 4,
    year = 1995,
   pages = "337-351"}



@article{Item6,
  author = "Paolo Aluffi",
   title = "Singular schemes of hypersurfaces",
 journal = "Duke Math. J.",
  volume = 80,
    year = 1995,
   pages = "325--351"}

@article{Item7,
  author = "Gerardo Gonzalez--Sprinberg",
   title = "Cycle maximal et invariant d'{E}uler local des singularit\'es
            isol\'ees de surfaces",
 journal = "Topology",
  volume = 21,
    year = 1982,
   pages = "401--408"}

@Book{Item8,
author = {Damian Conway},
title = {Object {O}riented {P}erl: {A} comprehensive guide to concepts and programming techniques},
publisher = {Manning Publications Co.},
year = {2000},
address = {Connecticut, USA}
}

@ARTICLE{Item9,
AUTHOR="M. Codish and K. Marriott and C.K. Taboch",
TITLE="Improving program analyses by structure untupling",
JOURNAL="Journal of Logic Programming",
VOLUME= ""43",
ISSUE = "3",
PAGES= "251--263",
YEAR=2000
}

@article{Item10,
author = {Shelah, Saharon},
ams-subject = {(02.50)},
journal = {Journal of Symbolic Logic},
review = {MR 44-52},
pages = {73--82},
title = {{On theories $T$ categorical in $|T|$}},
volume = {35},
year = {1970},
}

@article{Item11,
author = {Shelah, Saharon},
ams-subject = {(02H05)},
journal = {Israel Journal of Mathematics},
review = {MR 46:1581},
pages = {193--198},
title = {{Two cardinal compactness}},
volume = {9},
year = {1971},
},